<collection xmlns="http://www.loc.gov/MARC21/slim">
<record>
  <leader>02577nam0a2200457 i 450 </leader>
  <controlfield tag="001">IT\ICCU\CNCE\041239</controlfield>
  <controlfield tag="005">20150616000000.0</controlfield>
  <datafield tag="012" ind1=" " ind2=" ">
    <subfield code="a">c-is X.i. m,um dequ (3) 1574 (R)</subfield>
    <subfield code="2">fei</subfield>
  </datafield>
  <datafield tag="100" ind1=" " ind2=" ">
    <subfield code="a">19981124d1574        0itac0103    ba</subfield>
  </datafield>
  <datafield tag="101" ind1=" " ind2=" ">
    <subfield code="a">LAT</subfield>
  </datafield>
  <datafield tag="102" ind1=" " ind2=" ">
    <subfield code="a">IT</subfield>
  </datafield>
  <datafield tag="200" ind1="1" ind2=" ">
    <subfield code="a">Examen ordinandorum. In quo quicquid ad clericorum institutionem pertinere videtur, summa breuitate digestum est. Auctoribus r.d. Io.Fero, Io.Olthusio, ac Georgio Vuicelio. Iam pridem per f. Nicolaum  Aurificum, Senensem, Carmelitam  coadunatum, nouissime uero in hac tertia editione per eundem recognitum, &amp; locupletatum, ut nota asterisci patebit. Quae huic examini accesserunt, uersa pagina indicabit. Cum duplici indice</subfield>
  </datafield>
  <datafield tag="210" ind1=" " ind2=" ">
    <subfield code="a">Venetijs</subfield>
    <subfield code="c">apud Hieronymum Polum</subfield>
    <subfield code="d">1574</subfield>
  </datafield>
  <datafield tag="215" ind1=" " ind2=" ">
    <subfield code="a">\24!, 468, \12! p.</subfield>
    <subfield code="d">12ʻ</subfield>
  </datafield>
  <datafield tag="10" ind1="I" ind2="T">
    <subfield code="I">CCU\CNCE\071338</subfield>
    <subfield code="1">2001 </subfield>
    <subfield code="a">Examen ordinandorum</subfield>
  </datafield>
  <datafield tag="620" ind1=" " ind2=" ">
    <subfield code="a">IT</subfield>
    <subfield code="d">Venezia</subfield>
  </datafield>
  <datafield tag="702" ind1=" " ind2="1">
    <subfield code="a">Witzel,</subfield>
    <subfield code="b">Georg</subfield>
    <subfield code="3">IT\ICCU\CNCA\001098</subfield>
  </datafield>
  <datafield tag="702" ind1=" " ind2="1">
    <subfield code="a">Bonfigli,</subfield>
    <subfield code="b"></subfield>
    <subfield code="3">IT\ICCU\CNCA\001857</subfield>
  </datafield>
  <datafield tag="702" ind1=" " ind2="1">
    <subfield code="a">Wild,</subfield>
    <subfield code="b">Johann</subfield>
    <subfield code="3">IT\ICCU\CNCA\005039</subfield>
  </datafield>
  <datafield tag="702" ind1=" " ind2="1">
    <subfield code="a">Holthusius,</subfield>
    <subfield code="b">Joannes</subfield>
    <subfield code="3">IT\ICCU\CNCA\005040</subfield>
  </datafield>
  <datafield tag="712" ind1="0" ind2="0">
    <subfield code="a">Polo, Girolamo</subfield>
    <subfield code="3">IT\ICCU\CNCT\000547</subfield>
    <subfield code="4">650</subfield>
  </datafield>
  <datafield tag="790" ind1=" " ind2="1">
    <subfield code="a">Vuicelius,</subfield>
    <subfield code="b">Georgius</subfield>
    <subfield code="3">IT\ICCU\CNCA\015125</subfield>
    <subfield code="z">Witzel, Georg</subfield>
  </datafield>
  <datafield tag="790" ind1=" " ind2="1">
    <subfield code="a">Wicel,</subfield>
    <subfield code="b">Georg</subfield>
    <subfield code="3">IT\ICCU\CNCA\025253</subfield>
    <subfield code="z">Witzel, Georg</subfield>
  </datafield>
  <datafield tag="790" ind1=" " ind2="1">
    <subfield code="a">Vicel,</subfield>
    <subfield code="b">Georg</subfield>
    <subfield code="3">IT\ICCU\CNCA\025254</subfield>
    <subfield code="z">Witzel, Georg</subfield>
  </datafield>
  <datafield tag="790" ind1=" " ind2="1">
    <subfield code="a">Buonfigli,</subfield>
    <subfield code="b"></subfield>
    <subfield code="3">IT\ICCU\CNCA\005741</subfield>
    <subfield code="z"></subfield>
  </datafield>
  <datafield tag="790" ind1=" " ind2="1">
    <subfield code="a">Aurifico,</subfield>
    <subfield code="b"></subfield>
    <subfield code="3">IT\ICCU\CNCA\008105</subfield>
    <subfield code="z"></subfield>
  </datafield>
  <datafield tag="790" ind1=" " ind2="1">
    <subfield code="a">Nicolaus Aurificus,</subfield>
    <subfield code="b">Bonfilius</subfield>
    <subfield code="3">IT\ICCU\CNCA\014767</subfield>
    <subfield code="z"></subfield>
  </datafield>
  <datafield tag="790" ind1=" " ind2="0">
    <subfield code="a">Nicolaus</subfield>
    <subfield code="c"> : Aurificus</subfield>
    <subfield code="3">IT\ICCU\CNCA\014768</subfield>
    <subfield code="z"></subfield>
  </datafield>
  <datafield tag="790" ind1=" " ind2="0">
    <subfield code="a">Nicolaus</subfield>
    <subfield code="c"> : de#Bonfilis</subfield>
    <subfield code="3">IT\ICCU\CNCA\014769</subfield>
    <subfield code="z"></subfield>
  </datafield>
  <datafield tag="790" ind1=" " ind2="1">
    <subfield code="a">Ferus,</subfield>
    <subfield code="b">Johann</subfield>
    <subfield code="3">IT\ICCU\CNCA\005123</subfield>
    <subfield code="z">Wild, Johann</subfield>
  </datafield>
  <datafield tag="790" ind1=" " ind2="1">
    <subfield code="a">Holtusen,</subfield>
    <subfield code="b">Joannes</subfield>
    <subfield code="3">IT\ICCU\CNCA\006522</subfield>
    <subfield code="z">Holthusius, Joannes</subfield>
  </datafield>
  <datafield tag="790" ind1=" " ind2="1">
    <subfield code="a">Olthusius,</subfield>
    <subfield code="b">Ioannes</subfield>
    <subfield code="3">IT\ICCU\CNCA\019940</subfield>
    <subfield code="z">Holthusius, Joannes</subfield>
  </datafield>
  <datafield tag="791" ind1="0" ind2="0">
    <subfield code="a">Polus, Hieronymus</subfield>
    <subfield code="3">IT\ICCU\CNCT\005464</subfield>
    <subfield code="z">Polo, Girolamo</subfield>
  </datafield>
  <datafield tag="791" ind1="0" ind2="0">
    <subfield code="a">Polis, Hieronymus de</subfield>
    <subfield code="3">IT\ICCU\CNCT\005465</subfield>
    <subfield code="z">Polo, Girolamo</subfield>
  </datafield>
  <datafield tag="801" ind1=" " ind2="3">
    <subfield code="a">IT</subfield>
    <subfield code="b">ICCU</subfield>
    <subfield code="c">20201114</subfield>
  </datafield>
  <datafield tag="899" ind1=" " ind2=" ">
    <subfield code="a">Biblioteca del Convento francescano. Dongo</subfield>
    <subfield code="1">CO0075</subfield>
    <subfield code="2">ZCO 04</subfield>
  </datafield>
  <datafield tag="899" ind1=" " ind2=" ">
    <subfield code="a">Biblioteca nazionale Braidense. Milano</subfield>
    <subfield code="z">MUTILO</subfield>
    <subfield code="1">MI0185</subfield>
    <subfield code="2">MIL NB</subfield>
  </datafield>
  <datafield tag="899" ind1=" " ind2=" ">
    <subfield code="a">Biblioteca abbaziale. Nonantola</subfield>
    <subfield code="1">MO0096</subfield>
    <subfield code="2">PBE 35</subfield>
  </datafield>
  <datafield tag="899" ind1=" " ind2=" ">
    <subfield code="a">Biblioteca storico-francescana della Chiesa Nuova. Assisi</subfield>
    <subfield code="1">PG0004</subfield>
    <subfield code="2">ZPG 31</subfield>
  </datafield>
  <datafield tag="899" ind1=" " ind2=" ">
    <subfield code="a">Biblioteca Saveriana Conforti. Parma</subfield>
    <subfield code="z">MUTILO</subfield>
    <subfield code="1">PR0028</subfield>
    <subfield code="2">PAR 01</subfield>
  </datafield>
  <datafield tag="899" ind1=" " ind2=" ">
    <subfield code="a">Biblioteca comunale. Terni</subfield>
    <subfield code="1">TR0032</subfield>
    <subfield code="2">UM1 09</subfield>
  </datafield>
</record>
</collection>
